@article{dhariwal2021,
  title={Diffusion models beat GANs on image synthesis.},
  author={Dhariwal P, and Nichol A},
  journal={Advances in Neural Information Processing Systems, 34, 8780-8794},
  year={2021}
}

@article{sohl2015,
  title={Deep unsupervised learning using nonequilibrium thermodynamics.},
  author={Sohl-Dickstein J., Weiss E. A., Maheswaranathan N., and Ganguli, S},
  journal={International Conference on Machine Learning, 2256-2265},
  year={2015}
}

@inproceedings{salimans2016improved,
  title={Improved techniques for training GANs},
  author={Salimans, Tim and Goodfellow, Ian and Zaremba, Wojciech and Cheung, Vicki and Radford, Alec and Chen, Xi},
  booktitle={Advances in Neural Information Processing Systems},
  volume={29},
  year={2016}
}

@inproceedings{heusel2017gans,
  title={GANs Trained by a Two Time-Scale Update Rule Converge to a Local Nash Equilibrium},
  author={Heusel, Martin and Ramsauer, Hubert and Unterthiner, Thomas and Nessler, Bernhard and Hochreiter, Sepp},
  booktitle={Advances in Neural Information Processing Systems},
  volume={30},
  year={2017}
}

@article{radford2021learning,
  title={Learning transferable visual models from natural language supervision},
  author={Radford, Alec and Kim, Jong Wook and Hallacy, Chris and Ramesh, Aditya and Goh, Gabriel and Agarwal, Sandhini and Sastry, Girish and Askell, Amanda and Mishkin, Pamela and Clark, Jack and others},
  journal={International Conference on Machine Learning},
  year={2021}
}

@article{ramesh2022hierarchical,
  title={Hierarchical Text-Conditional Image Generation with CLIP Latents},
  author={Ramesh, Aditya and Dhariwal, Prafulla and Nichol, Alex and Chu, Casey and Chen, Mark},
  journal={arXiv preprint arXiv:2204.06125},
  year={2022}
}

@article{gao2022measuring,
  title={Measuring and Mitigating Unintended Bias in Image Captioning},
  author={Gao, Ruocheng and Guo, Xiaoyuan and Grauman, Kristen and Kusner, Matt},
  journal={arXiv preprint arXiv:2211.13449},
  year={2022}
}

@inproceedings{yang2022empirical,
  title={An empirical study of gpt-3 for few-shot knowledge-based vqa},
  author={Yang, Zhengyuan and Gan, Zhe and Wang, Jianfeng and Hu, Xiaowei and Lu, Yumao and Liu, Zicheng and Wang, Lijuan},
  booktitle={Proceedings of the AAAI Conference on Artificial Intelligence},
  volume={36},
  pages={3335--3343},
  year={2022}
}

@article{rethinkingFID2024,
  title={Rethinking FID: Towards a Better Evaluation Metric for Image Generation},
  author={Sadeep Jayasumana, Srikumar Ramalingam, Andreas Veit, Daniel Glasner, Ayan Chakrabarti, Sanjiv Kumar},
  journal={arXiv preprint arXiv:2401.09603v2},
  year={2024},
  note={License: CC BY-NC-SA 4.0},
  url={https://arxiv.org/abs/2401.09603v2}
}

@article{kulal2024stablediffusion,
  title={Scaling Rectified Flow Transformers for High-Resolution Image Synthesis},
  author={Patrick, Esser and Sumith, Kulal and Andreas, Blattmann and Rahim, Entezari and Jonas, Muller and Harry, Saini and Yam, Levi and Dominik, Lorenz and Axel, Sauer and Frederic, Boesel and Dustin, Podell and Tim, Dockhorn and Zion, English 
and Kyle, Lacey and Alex, Goodwin and Yannik, Marek and Robin, Rombach},
  journal={arXiv preprint arXiv:2403.03206v1},
  year={2024}
}

@website{flux2024main,
  author = {BlackForestLabs},
  title = {Announcing Black Forest Labs},
  year = {2024},
  howpublished = {\url{https://blackforestlabs.ai/announcing-black-forest-labs/}},
}

@website{flux2024medium,
  author = {Marcos V. Conde},
  title = {Announcing Black Forest Labs},
  year = {2024},
  howpublished = {\url{https://medium.com/@drmarcosv/how-does-flux-work-the-new-image-generation-ai-that-rivals-midjourney-7f81f6f354da}},
}

@article{kolors2024,
  title={Kolors: Effective Training of Diffusion Model for Photorealistic Text-to-Image Synthesis},
  author={Kuaishou Technology},					
  year={2024}
}

@misc{Yushi2023,
  author = {Yushi Hu},
  title = {tifa},
  year = {2023},
  publisher = {GitHub},
  journal = {GitHub repository},
  howpublished = {\url{https://github.com/Yushi-Hu/tifa}},
}

@misc{li2023qdiffusionquantizingdiffusionmodels,
      title={Q-Diffusion: Quantizing Diffusion Models}, 
      author={Xiuyu Li and Yijiang Liu and Long Lian and Huanrui Yang and Zhen Dong and Daniel Kang and Shanghang Zhang and Kurt Keutzer},
      year={2023},
      eprint={2302.04304},
      archivePrefix={arXiv},
      primaryClass={cs.CV},
      url={https://arxiv.org/abs/2302.04304}, 
}

@website{hugging,
  title = {Hugging Face – The AI community building the future.},
  howpublished = {\url{https://huggingface.co/}},
}

@website{civit,
  title = {Civitai: The Home of Open-Source Generative AI},
  howpublished = {\url{https://civitai.com/}},
}

@website{sd3.5,
  title = {city96/stable-diffusion-3.5-medium-gguf · Hugging Face},
  howpublished = {\url{https://huggingface.co/city96/stable-diffusion-3.5-medium-gguf}},
}

@website{sd3,
  title = {city96/stable-diffusion-3-medium-gguf · Hugging Face},
  howpublished = {\url{https://huggingface.co/city96/stable-diffusion-3-medium-gguf}},
}

@website{flux,
  title = {city96/FLUX.1-dev-gguf · Hugging Face},
  howpublished = {\url{https://huggingface.co/city96/FLUX.1-dev-gguf}},
}

@website{comfyui,
  title = {Comfy UI},
  howpublished = {\url{https://github.com/comfyanonymous/ComfyUI}},
}

@website{inspirepack,
  title = {ComfyUI Inspire Pack},
  howpublished = {\url{https://github.com/ltdrdata/ComfyUI-Inspire-Pack}},
}
@website{gguf,
  title = {Comfy UI GGUF},
  howpublished = {\url{https://github.com/city96/ComfyUI-GGUF}},
}
@website{clip,
  title = {OpenAI CLIP},
  howpublished = {\url{https://github.com/openai/CLIP}},
}

@website{t5,
  title = {google/t5-efficient-xxl · Hugging Face},
  howpublished = {\url{https://huggingface.co/google/t5-efficient-xxl}},
}


@misc{ enwiki:1261565566,
    author = "{Wikipedia contributors}",
    title = "Variational autoencoder --- {Wikipedia}{,} The Free Encyclopedia",
    year = "2024",
    howpublished = "\url{https://en.wikipedia.org/w/index.php?title=Variational_autoencoder&oldid=1261565566}",
    note = "[Online; accessed 12-December-2024]"
  }


